@misc{learnopengl/textures,
  title = {LearnOpenGL},
  howpublished = {\url{https://learnopengl.com/Getting-started/Textures}},
  note = {Accessed: 2019-01-19}
}

@misc{learnopengl/framebuffers,
  title = {LearnOpenGL},
  howpublished = {\url{https://learnopengl.com/Advanced-OpenGL/Framebuffers}},
  note = {Accessed: 2019-01-19}
}

@misc{Wikipedia/GameOfLife,
title = {Conway's Game of Life},
howpublished = {\url{https://en.wikipedia.org/wiki/Conway%27s_Game_of_Life}},
note = {Accessed: 2019-01-19}
}

@misc{Khronos/texture,
title = {Texture},
howpublished = {\url{https://www.khronos.org/opengl/wiki/Texture}},
note = {Accessed: 2019-01-19}
}
